<collection xmlns="http://www.loc.gov/MARC21/slim">
<record>
  <leader>00715nam0a22001811i 450 </leader>
  <controlfield tag="001">IT\ICCU\CNCE\016902</controlfield>
  <controlfield tag="005">20000629000000.0</controlfield>
  <datafield tag="100" ind1=" " ind2=" ">
    <subfield code="a">19970101d1510        0itac0103    ba</subfield>
  </datafield>
  <datafield tag="101" ind1=" " ind2=" ">
    <subfield code="a">ITA</subfield>
  </datafield>
  <datafield tag="102" ind1=" " ind2=" ">
    <subfield code="a">IT</subfield>
  </datafield>
  <datafield tag="200" ind1="1" ind2=" ">
    <subfield code="a">Encomincia il libro chiamato Desir chi tracta de uno adolescente chi cercha de andare a honore e prosperitate</subfield>
  </datafield>
  <datafield tag="210" ind1=" " ind2=" ">
    <subfield code="e">Impressum in Monteregali</subfield>
    <subfield code="g">in plano Vallis</subfield>
    <subfield code="h">per Vincentium Berruerium</subfield>
    <subfield code="h">1510 die XI Julij</subfield>
  </datafield>
  <datafield tag="215" ind1=" " ind2=" ">
    <subfield code="a">\28! c.</subfield>
    <subfield code="d">4ʻ</subfield>
  </datafield>
  <datafield tag="300" ind1=" " ind2=" ">
    <subfield code="a">Tolta dal tab. perch ̌non siglata da nessuna biblioteca</subfield>
  </datafield>
  <datafield tag="620" ind1=" " ind2=" ">
    <subfield code="a">IT</subfield>
    <subfield code="d">Mondov</subfield>
  </datafield>
  <datafield tag="712" ind1="0" ind2="0">
    <subfield code="a">Berruerio, Vincenzo</subfield>
    <subfield code="3">IT\ICCU\CNCT\000339</subfield>
    <subfield code="4">650</subfield>
  </datafield>
  <datafield tag="791" ind1="0" ind2="0">
    <subfield code="a">Berruerius, Vincentius</subfield>
    <subfield code="3">IT\ICCU\CNCT\004351</subfield>
    <subfield code="z">Berruerio, Vincenzo</subfield>
  </datafield>
  <datafield tag="801" ind1=" " ind2="3">
    <subfield code="a">IT</subfield>
    <subfield code="b">ICCU</subfield>
    <subfield code="c">20201114</subfield>
  </datafield>
</record>
</collection>
